%-----------------------------------------------------------
%problem analysis 
@MISC{outselling,
	author = {Calamur, Krishnadev},
	title = {In Almost Every European Country, Bikes Are Outselling New Cars},
	month = oct,
	year = {2014},
	howpublished = "\url{http://www.npr.org/blogs/parallels/2013/10/24/240493422/in-most-every-european-country-bikes-are-outselling-cars}"
}

@MISC{impressive,
	author = {Pucher, John and Buehler, Ralph},
	title = {Making Cycling Irresistible: Lessons from the Netherlands, Denmark and Germany},
	month = jul,
	year = {2008},
	howpublished = "\url{http://policy.rutgers.edu/faculty/pucher/Irresistible.pdf}"
}

@MISC{bikestats,
	author = {Statestikbanken},
	title = {STRAF11: Anmeldte forbrydelser efter område og overtrædelsesart},
	month = sep,
	year = {2014},
	howpublished = "\url{http://www.statistikbanken.dk/statbank5a/selectvarval/define.asp?PLanguage=0&subword=tabsel&MainTable=STRAF11&PXSId=146190&tablestyle=&ST=SD&buttons=0}"
}
@MISC{herhuggerde,
	author = {Astrup, Søren},
	title = {Her hugger cykeltyvene til: Ved stationer, skoler og biografer},
	month = jun,
	year = {2012},
	howpublished = "\url{http://politiken.dk/indland/ECE1652734/her-hugger-cykeltyvene-til-ved-stationer-skoler-og-biografer/ }"
}
@MISC{vorescykler,
	author = {Hansen, Jeppe Lykke},
	title = {Sådan stjæler de vores børns cykler},
	month = oct,
	year = {2012},
	howpublished = "\url{http://nyhederne.tv2.dk/article.php/id-58369224:video-s%C3%A5dan-stj%C3%A6ler-de-vores-b%C3%B8rns-cykler.html}"
}
%-----------------------------------------------------------
%current locking mech
@MISC{lock1,
	author = {},
	title = {Picture of the most common lock type},
	month = nov,
	year = {2014},
	howpublished = "\url{https://upload.wikimedia.org/wikipedia/commons/2/21/Bike_O_Lock_Japan.jpg}"
}
@MISC{lock2,
	author = {},
	title = {Mounted lock},
	month = nov,
	year = {2014},
	howpublished = "\url{http://image.made-in-china.com/2f0j00LCPtEaHFadqI/Bicycle-Lock.jpg}"
}
@MISC{lock3,
	author = {},
	title = {Free mounted lock},
	month = nov,
	year = {2014},
	howpublished = "\url{http://www.wigglestatic.com/images/abus-umini-yellow-11-zoom.jpg}"
}
@MISC{lock4,
	author = {},
	title = {Chain lock picture},
	month = nov,
	year = {2014},
	howpublished = "\url{http://www.justkryptonite.com/image/cache/data/hardwire_2510_key_cable_bicycle_lock-500x500.jpg}"
}
@MISC{lock5,
	author = {},
	title = {Chain lock picture},
	month = nov,
	year = {2014},
	howpublished = "\url{http://www.photo-dictionary.com/photofiles/list/3616/5634bicycle_lock.jpg }"
}
%-----------------------------------------------------------
%preliminary research
@MISC{rejsekort,
	author = {},
	title = {Rejsekort},
	month = nov,
	year = {2014},
	howpublished = "\url{http://www.rejsekort.dk/om-rejsekort/rejsekort-as.aspx}"
}
%-----------------------------------------------------------
%relay
@MISC{relaylayout,
	author = {Wikimedia},
	title = {Relay symbols},
	month = nov,
	year = {2014},
	howpublished = "\url{https://upload.wikimedia.org/wikipedia/commons/6/67/Relay_symbols.svg}"
}
@MISC{generalrelay,
	author = {Electronics Tutorials},
	title = {The Electrical Relay},
	month = jan,
	year = {2014},
	howpublished = "\url{http://www.electronics-tutorials.ws/io/io_5.html}"
}

%----------------------------------------------------------
%RFID
@MISC{RFIDpictures,
	author = {Makecourse},
	title = {RFID week 10},
	month = feb,
	year = {2012},
	howpublished = "\url{https://www.youtube.com/watch?v=hxSQmTkIGAs}"
}

@book{rfid,
    author    = "Daniel M. Dobkin",
    title     = "The RF in RFID",
    year      = "2012",
    publisher = "Newnes",
}

%----------------------------------------------------------
%solenoid
@MISC{halliday2010fundamentals,
	title={Fundamentals of Physics},
	author={Halliday, D. and Resnick, R. and Walker, J.},
	isbn={9780470469118},
	lccn={2009033774},
	year={2010},
	publisher={John Wiley \& Sons}
}
@MISC{giancoli,
	title={Physics: principles with applications (5th ed.).},
	author={Giancoli, Douglas},
	year={1998},
	page={624}
}

%-----------------------------------------------------------
%risk analysis
@MISC{poweroutage,
	title={Power outages in firms in a typical month},
	author={World Bank, Enterprise Surveys},
	month=apr,
	year={2013},
	howpublished="\url{http://www.indexmundi.com/facts/indicators/IC.ELC.OUTG}"
}

%-----------------------------------------------------------
%cost analysis
@MISC{electricityprices,
	author = {Danish Energy Agency},
	title = {Energy Statistics 2012},
	month = feb,
	year = {2014},
	howpublished = "\url{http://www.ens.dk/sites/ens.dk/files/info/tal-kort/statistik-noegletal/aarlig-energistatistik/energy_statistics_2012.pdf}"
}
@MISC{servorf020th,
	author = {Hitec RCD USA, Inc.},
	title = {RF-020TH},
	howpublished = "\url{http://www.mabuchi-motor.co.jp/en_US/cat_files/rf_020th.pdf}"
}
@MISC{servohs805bb,
	author = {Danish Energy Agency},
	title = {HS-805BB},
	howpublished = "\url{http://www.robotshop.com/media/files/pdf/hs805.pdf}"
}
@MISC{solenoidadafruit,
	author = {Adafruit},
	title = {Lock-style solenoid - 12VDC},
	howpublished = "\url{http://www.adafruit.com/products/1512#technical-details-anchor}"
}

%-----------------------------------------------------------
%environmental impact

@MISC{weeedirective,
	author = {European Parliament, Council of the European Union},
	title = {Directive 2012/19/EU of the European Parliament and of the Council of 4 July 2012 on waste electrical and electronic equipment (WEEE) Text with EEA relevance},
	month = jul,
	year = {2012},
	howpublished = "\url{http://eur-lex.europa.eu/legal-content/EN/NOT/?uri=CELEX:32012L0019}"
	}

@MISC{rohsdirective,
	author = {European Parliament, Council of the European Union},
	title = {Directive 2011/65/EU of the European Parliament and of the Council of 8 June 2011 on the restriction of the use of certain hazardous substances in electrical and electronic equipment Text with EEA relevance},
	month = jun,
	year = {2011},
	howpublished = "\url{http://eur-lex.europa.eu/legal-content/EN/NOT/?uri=CELEX:32011L0065}"
}

@MISC{absrecycling,
	author = {Heathland Ltd},
	title = {ABS Recycling},
	year = {2009},
	howpublished = "\url{http://www.heathland.nl/abs-recycling.html}"
}

@MISC{stainlesssteelrecycling,
	author = {BRITISH STAINLESS STEEL ASSOCIATION},
	title = {Environmental aspects of stainless steel},
	howpubished = "\url{http://www.bssa.org.uk/sectors.php?id=99}"
}

@MISC{copperrecycling,
	author = {The Association for Science Education},
	title = {Copper recycling and sustainability},
	howpublished= "\url{http://resources.schoolscience.co.uk/CDA/16plus/sustainability/copper3.html}"
}

@MISC{aluminiumrecycling,
	author = {The Aluminium Association},
	title = {Recycling},
	howpublished = "\url{http://www.aluminum.org/industries/production/recycling}"
}	


%-----------------------------------------------------------
@MISC {absfumes,
	author = {Oberdörster et al.},
	title = {Nanotoxicology: An emerging discipline evolving from studies of ultrafine particles},
	month = jul,
	year = {2005},
	howpublished = "\url{http://www.scopus.com/record/display.url?eid=2-s2.0-20644449754&origin=inward&txGid=E9D00510448A78597696C74A529A29FB.CnvicAmOODVwpVrjSeqQ%3a1}",
	published = {Environmental Health Perspectives},
}


@MISC{specrelay,
    title = {Relay datasheet},
    howpublished = "\url{https://www.ghielectronics.com/downloads/man/20084141716341001RelayX1.pdf}"
}

@MISC{specswitch,
    title = {Switch datasheet},
    howpublished = "\url{http://www.qiaoh.com/en/product-show.asp?id=128}"
}

@MISC{specarduino,
    title = {Microcontroller datasheet},
    howpublished = "\url{http://arduino.cc/en/Main/arduinoBoardUno}"
}

@MISC{speclcd,
    title = {LCD datasheet},
    howpublished = "\url{http://www.farnell.com/datasheets/1536558.pdf}"
}

@MISC{specsolenoid,
    title = {Solenoid datasheet},
    howpublished = "\url{http://www.adafruit.com/products/1512#tab_technical-details}"
}

@MISC{specrfid,
    title = {RFID reader datasheet},
    howpublished = "\url{http://www.nxp.com/documents/data_sheet/MFRC522.pdf}"
}

%-----------------------------------------------------------
%added for seminar
@MISC{AVRmicro,
	author = {Atmel Corporation},
	title = {AVR microcontroller datasheet},
	year = {2009},
	howpublished = "\url{http://www.atmel.com/Images/doc8161.pdf}"
}

@MISC{ArduinoUno,
	author = {Arduino},
	title = {ArduinoBoardUno},
	year = {2014},
	howpublished = "\url{http://arduino.cc/en/Main/ArduinoBoardUno}"
}

@MISC{mech,
	title={Shigley's mechanical engineering design},
	author={Budynas, Richard G., J. Keith Nisbett, and Joseph Edward Shigley},
	year={2008},
	publisher={McGraw-Hill}
}

@MISC{cad,
	title={AutoCAD 2014 For Dummies},
	author={Bill Fane; David Byrnes},
	year={2013},
	publisher={For Dummies}
}

@MISC{rfidbook,
	title={The RF in RFID : passive UHF RFID in practice},
	author={Daniel M. Dobkin},
	year={2008},
	publisher={Elsevier Inc}
}
