%-----------------------------------------------------------
%introduction
@book{cavedrawings,
	author="Alexander Wolodtschenko, Thomas Forner",
	title = "Prehistoric and Early Historic Maps in Europe: Conception of Cd-Atlas",
	year = "2007",
	publisher = "e-Perimetron, Vol. 2, No. 2, Spring 2007 [114-116]",
	howpublished = "\url{http://www.e-perimetron.org/Vol_2_2/Wolodchenko_Forner.pdf}"
}

@MISC{oceandepth,
	author ={National Ocean Service},
	title = {How much of the ocean have we explored?},
	month = jun,
	year = {2014},
	howpublished = "\url{http://oceanservice.noaa.gov/facts/exploration.html}"
}

@MISC{firstflyby,
	author = {National Aeronautics and Space Administration},
	title = {Mariner 2},
	month = aug,
	year = {2014},
	howpublished = "url{http://nssdc.gsfc.nasa.gov/nmc/spacecraftDisplay.do?id=1962-041A}"
}

@MISC{firstimpact,
	author = {National Aeronautics and Space Administration},
	title = {Venera 3},
	month = aug,
	year = {2014},
	howpublished = "url{http://nssdc.gsfc.nasa.gov/nmc/spacecraftDisplay.do?id=1965-092A}"
}
%-----------------------------------------------------------
%problem analysis 
@MISC{oceanexplo,
	author = {NOAA Ocean Explorer},
	title = {What Is Ocean Exploration and Why Is It Important?},
	month = jul,
	year = {2014},
	howpublished = "\url{http://oceanexplorer.noaa.gov/backmatter/whatisexploration.html}"
}

@MISC{whyweexplo,
	author = {NASA},
	title = {Why We Explore},
	month = sep,
	year = {2013},
	howpublished = "\url{http://www.nasa.gov/exploration/whyweexplore/why_we_explore_main.html}"
}

@MISC{risksandexplo,
	author = {NASA},
	title = {Risk and Exploration},
	month = nov,
	year = {2007},
	howpublished = "\url{http://www.nasa.gov/missions/solarsystem/Why_We_02.html}"
}

@book{aiint,
    author    = "Stuart Russel And Peter Norvig",
    title     = "Artificial Intelligence, page 44, section 2.3.2",
    year      = "2010",
    publisher = "Pearson"
}